@cv{latexcv,
	title={A Curriculum Vit\ae\ generation method based on Markdown and Pandoc},
	author={panbook},
	year={2019}
}	

@cv{bigbang,
	title={I have a Master's Degree not Dr. Wolowitz but Astronaut Wolowitz},
	author={Howard Joel Wolowitz},
	publisher={TBBT},
	year={2019}
}	
