@panbook{
	pandocManual,
	author = {John MacFarlane},
	title = {Pandoc User Manual},
	year = {2019},
}

@BOOK{
    baz,
    title = {Dummy Book},
    publisher = {Egypt},
    year = {321},
    author = {The King}
}

@BOOK{
    foz,
    title = {Test Dummy Book},
    publisher = {China},
    year = {1321},
    author = {Hello King}
}
